<?xml version="1.0" encoding="UTF-8"?><collection xmlns="http://www.loc.gov/MARC21/slim"><record><leader>00487nam--2200133-i-4500</leader><controlfield tag="001">000016886</controlfield><controlfield tag="002">20161230</controlfield><controlfield tag="005">20161230201032</controlfield><controlfield tag="008">060222s1000------------r-----000-0-eng-d</controlfield><datafield ind1=" " ind2=" " tag="080"><subfield code="a">621.375.826(043)</subfield></datafield><datafield ind1=" " ind2=" " tag="100"><subfield code="a">Bawirzanski, Eduard</subfield></datafield><datafield ind1=" " ind2=" " tag="245"><subfield code="a">Aufbau eines laser-doppler anemomenters und einsaz zur erprobung einer neuen sonde zur messung der schwankungen der langskomponent des wirbelvektors</subfield></datafield><datafield ind1=" " ind2=" " tag="260"><subfield code="a">Gottingen, Max-planck-institut Fur Stromung Sforschung, 1987 83 P</subfield></datafield><datafield ind1=" " ind2=" " tag="852"><subfield code="a">79022</subfield></datafield></record></collection>